4892 6288
552 2215 672 2314 Jam
688 2257 780 2309 vero
797 2257 926 2310 rerum
949 2230 1190 2334 singularum
1210 2233 1498 2310 enumeratione
1521 2232 1677 2329 omissa,
1703 2236 1837 2338 paucis
1857 2234 2035 2314 addenda
2057 2251 2145 2313 sunt
2161 2265 2272 2315 sum·
2299 2289 2306 2301 -

447 2360 599 2457 matini,
626 2385 727 2462 quae
747 2385 819 2463 per
839 2387 1000 2455 annum,
1027 2385 1102 2459 quo
1127 2385 1273 2435 summo
1297 2356 1532 2435 Academiae
1550 2381 1708 2434 munere
1732 2359 1829 2434 mihi
1857 2359 2088 2438 demandato
2109 2361 2268 2441 functus

445 2509 547 2581 sum,
574 2485 639 2562 vel
662 2485 829 2560 secunda
855 2482 917 2558 vel
943 2482 1105 2558 adversa
1130 2483 1173 2557 in
1197 2495 1328 2558 nostra
1353 2481 1555 2558 literarum
1581 2483 1670 2558 sede
1696 2497 1915 2562 euenerunt.

547 2610 598 2686 Et
622 2611 792 2711 primum
817 2607 972 2707 quidem
998 2609 1146 2683 animus
1171 2620 1300 2684 noster
1326 2605 1378 2680 ad
1400 2607 1527 2683 Deum
1553 2606 1598 2684 0.
1624 2607 1678 2682 Μ.
1706 2606 1908 2708 erigendus
1934 2610 2084 2711 ipsique
2111 2609 2263 2709 matisc

340 2739 342 2746 '
448 2733 625 2842 agendae
649 2742 737 2807 sunt
764 2737 925 2832 'propter
949 2729 1137 2809 beneficia
1162 2731 1204 2806 in
1228 2729 1529 2809 Universitatem
1558 2743 1731 2808 nostram
1764 2732 1889 2809 denuo
1921 2732 2081 2829 collata,
2118 2735 2264 2838 qnippe

447 2859 614 2960 quaein
640 2855 794 2930 auxiliis
819 2854 926 2931 haud
953 2856 1116 2956 exiguis,
1143 2883 1307 2960 quorum
1331 2867 1412 2930 tam
1437 2866 1704 2958 praeceptores
1732 2881 1850 2956 quam
1874 2859 2048 2935 instituta
2071 2860 2151 2936 vivi
2173 2872 2263 2936 sunt

445 2992 571 3075 testes,
593 2977 759 3056 dilucide
778 2991 1066 3080 cognoscuntur.
1105 2979 1310 3082 Regnante
1335 2981 1567 3065 lrllorioc
1595 2981 1843 3067 uuillelmo
1866 2983 1908 3080 l.,
1932 2980 2111 3058 Electore
2126 2980 2260 3084 Augu·

442 3104 608 3182 stissimo
635 3118 673 3181 et
692 3105 976 3204 Potentissimo,
1002 3108 1237 3190 Academiae
1260 3116 1417 3183 nostrae
1441 3108 1528 3204 jura
1554 3129 1600 3178 ao
1623 3105 1845 3207 privilegia,
1872 3108 2009 3207 quibus
2035 3107 2258 3208 gaudemus,

441 3229 593 3308 intacta
626 3253 819 3326 mansere,
856 3231 1046 3329 subsidia,
1086 3235 1225 3335 quibus
1257 3231 1463 3310 advitam
1494 3230 1783 3308 sustentandam
1818 3246 1905 3334 eget
1937 3231 2168 3330 Academia,
2202 3233 2259 3312 ita

444 3358 659 3455 liberaliter
683 3361 794 3437 nobis
820 3373 908 3437 sunt
933 3373 970 3437 et
995 3387 1174 3441 concessa
1201 3374 1238 3438 et
1262 3361 1468 3462 promissa,
1501 3369 1545 3432 ut
1569 3383 1718 3454 eorum,
1750 3385 1851 3459 quae
1876 3360 1928 3436 ad
1957 3361 2259 3438 conservandum

309 3579 316 3588 Ι
448 3483 745 3585 augendumque
776 3483 931 3560 scholae
959 3497 1114 3562 nostrae
1138 3481 1689 3598 splendorem'desiderantur,
1723 3481 1821 3558 nihil
1850 3485 1961 3561 nobis
1994 3487 2171 3586 proxime
2203 3485 2261 3560 in-

445 3626 570 3691 stante
595 3625 768 3714 tempore
792 3612 943 3707 defore,
969 3635 1128 3712 sperare
1149 3615 1232 3710 jam
1250 3607 1377 3684 liceat.
1412 3606 1592 3708 Repletus
1617 3619 1674 3682 est
1689 3609 1953 3686 Professorum
1977 3611 2261 3690 ordinariorum

333 3797 348 3806 „
445 3761 643 3829 numerus,
676 3736 744 3835 qui
771 3752 873 3809 anno
899 3735 1108 3836 praeterito
1136 3736 1179 3810 in
1204 3733 1441 3810 medicorum
1466 3731 1599 3808 ordine
1623 3733 1749 3809 Fickii
1773 3746 1896 3810 morte
1921 3735 2124 3836 inopinata
2148 3735 2260 3811 dimi·

444 3872 560 3938 nutus
597 3869 689 3935 erat.
741 3860 814 3935 Vir
848 3854 1079 3937 clarissimus
1112 3871 1149 3934 et
1180 3858 1417 3937 doctissimus
1448 3857 1721 3934 Friderious
1752 3860 1980 3937 Matthias
2015 3846 2258 3956 Claudius,

445 3984 546 4062 med.
573 3997 611 4058 et
634 3982 729 4086 phil.
754 3983 840 4079 Dr,
874 3984 941 4084 qui
967 3985 1009 4059 in
1032 3983 1244 4060 Academia
1269 3982 1520 4062 Holsatorum
1543 3984 1761 4061 Kiloniensi
1797 3989 2033 4064 anatomiam
2065 3989 2258 4089 hucusque

445 4110 629 4213 privatim
661 4107 843 4184 docuerat
873 4119 910 4182 et
942 4109 1168 4210 prosectoris
1201 4108 1377 4208 primarii
1408 4132 1565 4183 munere
1596 4110 1738 4185 eximia
1772 4137 1859 4188 cum
1883 4110 2000 4189 lande
2026 4116 2082 4190 ibi
2106 4114 2258 4192 functus

446 4244 548 4328 erat,
575 4256 600 4305 a
620 4231 856 4307 medicorum
882 4231 1016 4308 ordine
1043 4245 1081 4306 et
1105 4245 1241 4309 senatu
1268 4233 1486 4311 academico
1513 4237 1819 4334 commendatus,
1847 4243 2065 4316 anatomiae
2091 4241 2133 4316 Ρ.
2152 4242 2194 4317 Ρ.
2212 4241 2257 4320 Ο.

435 4375 484 4438 'et
511 4337 676 4437 instituti
703 4361 927 4455 anatomici,
953 4359 1056 4461 quod
1086 4359 1355 4438 Universitatis
1381 4372 1534 4436 nostrae
1557 4361 1741 4438 habemus
1768 4378 2056 4463 ornamentum,
2093 4367 2259 4446 director

445 4499 503 4564 est
524 4487 754 4562 nominatus.
807 4486 1092 4566 Gildemeisteri
1116 4487 1188 4583 ill.,
1219 4485 1476 4564 bibliothecae
1502 4484 1747 4560 academicae
1773 4499 1887 4562 antea
1911 4489 2101 4590 praefecti
2125 4515 2260 4568 secun·

446 4615 567 4711 darii,
592 4613 720 4691 locum
744 4612 903 4715 adeptus
928 4628 984 4689 est
1002 4616 1064 4691 vir
1086 4614 1314 4693 clarissimus
1334 4625 1371 4686 et
1388 4610 1624 4686 doctissimus
1651 4609 1849 4688 Carolus
1875 4613 1901 4690 J
1909 4615 2033 4692 nlius
2061 4615 2256 4712 Caesar,

444 4739 540 4844 phil.
558 4740 644 4836 Dn,
669 4739 803 4842 philol.
820 4740 865 4816 P.
885 4741 927 4816 Ρ.
952 4742 1009 4838 A,
1034 4743 1101 4841 qui
1125 4740 1318 4824 inferioris
1344 4739 1488 4817 ordinis
1514 4737 1827 4818 bibliothecarius
1846 4745 1930 4844 jam
1955 4769 2024 4845 per
2050 4743 2258 4822 multorum

447 4889 638 4940 annorum
669 4865 807 4939 seriem
839 4863 888 4938 de
919 4865 994 4942 hoc
1016 4863 1204 4941 librorum
1228 4865 1408 4942 thesauro
1437 4866 1580 4967 optime
1605 4868 1761 4944 meritus
1788 4881 1886 4965 erat3
1925 4872 2097 4964 accessit,
2130 4883 2174 4946 ut
2197 4873 2257 4948 vir

446 4991 699 5086 doctissimus,
725 4990 767 5065 in
789 4990 1169 5068 bibliothecariorum
1195 4989 1344 5088 studiis,
1370 4994 1533 5092 negotiis
1559 5007 1596 5068 et
1622 4996 1957 5074 exercitationibus
1982 5001 2256 5075 versatissimus

447 5117 758 5199 Christianus
784 5117 1073 5201 Guilielmus
1099 5116 1311 5197 Michael
1336 5119 1502 5214 Grein,
1521 5116 1802 5221 ‚philosophiae
1828 5120 1980 5219 doctor,
2015 5124 2148 5224 quiin
2173 5126 2255 5202 bib·

445 5245 620 5323 liothecis
642 5257 680 5321 et
707 5245 871 5324 archivis
896 5245 1127 5326 Cassellanis
1151 5260 1188 5323 et
1202 5244 1608 5344 Bueckeburgensibus
1634 5242 1946 5323 administrandis
1969 5239 2006 5322 et
2030 5248 2256 5326 ordinandis
