4892 6288
1128 594 1175 666 41

245 809 348 884 entia
364 819 403 881 et
416 805 492 882 fide
508 806 676 906 triginta.
695 829 765 908 per
792 830 913 880 annos
938 827 1099 880 munere
1123 807 1165 882 in
1190 807 1351 887 ecclesia
1377 811 1600 889 academica
1638 811 1805 913 primum
1835 809 2061 888 secundario

243 945 376 1036 postea
397 934 584 1036 primario
610 933 780 1035 piissime
803 932 957 1016 ¹functus
985 943 1078 1007 erat.
2029 955 2034 963 ·

346 1060 506 1136 Praeter
540 1085 606 1156 ee,
640 1085 740 1160 quae
774 1059 956 1154 diximus,
999 1059 1187 1138 hocloco
1221 1087 1522 1140 commemorare
1552 1062 1612 1140 fas
1642 1075 1716 1158 est,
1756 1065 1925 1164 primum
1960 1062 2062 1162 qnod

243 1186 456 1266 Academia
481 1200 612 1264 nostra
637 1188 883 1265 Friderici
909 1183 1162 1284 Sohilleri,
1192 1202 1361 1290 poetae
1388 1190 1695 1284 Germaniae,
1731 1187 1832 1263 diem
1860 1200 1948 1262 ante
1974 1210 2061 1264 cen·

244 1327 327 1392 tum
353 1341 473 1391 annos
498 1315 671 1390 natalem
697 1314 829 1390 diebus
856 1313 907 1388 X.
934 1324 972 1388 et
995 1312 1065 1388 XI.
1091 1327 1139 1390 nh
1159 1315 1389 1392 Novembris
1416 1343 1449 1392 a.
1479 1318 1577 1392 1859
1606 1315 1736 1392 debita
1763 1315 1991 1391 solennitate
2017 1340 2063 1391 ac

245 1439 434 1540 dignitate
467 1437 675 1514 celebravit
708 1449 745 1512 et
778 1436 906 1512 nullus
940 1435 1037 1512 alius
1071 1464 1190 1538 qnam
1221 1440 1379 1516 Platner
1413 1456 1543 1517 noster
1570 1441 1599 1538 ¹)
1642 1439 1861 1538 designatus
1895 1449 1965 1531 est,
1998 1438 2064 1536 qni

244 1567 320 1646 viri
352 1564 580 1642 immortalis
609 1565 769 1642 virtutes
800 1592 871 1667 pro
904 1565 1041 1641 merito
1077 1593 1208 1643 coram
1239 1567 1458 1643 auditorum
1487 1566 1733 1643 multitudine
1758 1590 1825 1641 ore
1851 1565 1993 1640 diserto
2019 1567 2060 1639 in

246 1691 338 1768 aula
373 1690 594 1768 academiae
627 1689 822 1782 laudaret,
857 1687 994 1762 deinde
1027 1689 1130 1789 qnod
1161 1694 1348 1769 memoria
1387 1693 1620 1796 Philippi
1656 1692 2063 1785 Melanchthonis,

245 1814 574 1920 praeceptoris
600 1813 910 1903 Germaniae,
937 1824 1026 1887 ante
1049 1813 1126 1888 tria
1149 1817 1303 1894 saecula
1329 1818 1392 1893 die
1416 1817 1528 1894 XIX.
1555 1845 1605 1893 m.
1623 1817 1767 1920 Aprilis
1794 1843 1829 1892 a.
1858 1817 1956 1890 1560
1982 1816 2063 1890 vita

247 1943 418 2022 defuncti
440 1953 731 2045 programmate
753 1967 777 2018 a
801 1966 863 2016 me
883 1940 1109 2018 Prorectore
1131 1941 1233 2016 edito
1252 1941 1282 2040 ²)
1309 1954 1345 2016 et
1364 1944 1539 2019 oratione
1561 1970 1585 2019 a
1607 1943 1692 2018 viro
1712 1941 1826 2018 illust.
1842 1940 2010 2018 chke
2027 1944 2058 2042 ³)

247 2073 289 2148 in
315 2069 406 2146 auia
431 2071 579 2168 majore
603 2069 739 2145 habita
766 2069 816 2144 ab
841 2066 1053 2144 Academia
1080 2069 1217 2146 eodem
1240 2070 1385 2173 Aprilis
1412 2070 1475 2144 die
1500 2071 1565 2171 pie
1589 2069 1843 2148 recolebatur.

349 2192 434 2270 Nec
467 2191 616 2268 occasio
649 2190 786 2288 defuit,
823 2201 865 2264 ut
896 2191 1112 2289 vinculum,
1148 2195 1252 2293 qnod
1287 2196 1388 2270 inter
1430 2193 1600 2270 diversas
1634 2196 1869 2274 Germaniae
1900 2193 2064 2271 Univer-

248 2319 395 2414 sitates,
426 2319 638 2394 uberrimas
664 2316 733 2392 has
761 2328 798 2391 et
822 2318 1078 2394 nobilissimas
1103 2316 1303 2393 literarum
1327 2315 1451 2411 sedes,
1479 2316 1724 2393 constitutum
1751 2330 1825 2412 est,
1853 2321 1923 2394 sub
1948 2316 2065 2394 finem

250 2447 345 2524 anni
369 2446 492 2522 nostri
517 2443 727 2520 academici
762 2446 902 2521 arctius
927 2459 1175 2523 necteremus.
1226 2441 1526 2520 Universitatem
1559 2444 1661 2518 enim
1693 2443 1908 2519 literariam
1930 2446 2065 2521 Basi-

248 2571 446 2650 liensem
485 2572 526 2648 in
554 2569 736 2646 Helvetia
772 2597 858 2648 cum
895 2573 1118 2672 germanica
1150 2569 1279 2671 patria
1312 2568 1445 2643 intime
1484 2571 1745 2668 conjunctam,
1788 2592 1888 2668 quae
1925 2582 2065 2668 quarta
2175 2593 2180 2598 ·

250 2695 465 2776 saecularia
492 2693 624 2770 diebus
648 2693 715 2770 VI.
743 2705 781 2768 et
803 2693 890 2770 VII.
915 2721 965 2769 m.
992 2693 1224 2797 Septembris
1249 2718 1395 2793 magna
1421 2691 1630 2768 celebravit
1658 2689 1829 2787 laetitia,
1863 2718 2065 2794 program-

250 2833 354 2900 mate
379 2821 411 2920 ⁴)
446 2831 484 2894 et
508 2818 703 2922 legatione
737 2843 761 2893 a
793 2819 877 2894 viro
911 2816 1139 2912 clarissimo,
1177 2815 1414 2916 collegarum
1445 2816 1639 2916 suffragiis
1667 2814 1786 2892 electo
1811 2816 1861 2893 H.
1888 2817 2064 2912 Nesse,

250 2949 350 3026 med.
375 2949 442 3025 Dr.
472 2958 510 3022 et
533 2944 576 3019 P.
601 2945 646 3021 P.
671 2944 716 3021 0.
743 2956 919 3045 suscepta
946 2943 1196 3018 salutavimus
1228 2951 1265 3014 et
1290 2939 1561 3016 Universitatis
1585 2939 1927 3018 Berolinensis
1953 2969 2068 3030 sacra

251 3073 561 3154 semisaecnlaria
584 3071 761 3176 hisipsis
787 3070 937 3167 diebus,
961 3070 1052 3146 inde
1076 3096 1101 3146 a
1127 3068 1189 3142 die
1214 3066 1361 3145 decimo
1386 3066 1500 3142 tertio
1525 3091 1646 3167 usque
1672 3067 1723 3142 ad
1749 3066 1852 3146 diem
1877 3067 2086 3158 decimum¹

251 3205 455 3307 septimum
486 3201 597 3302 hujus
628 3197 767 3272 mensis
795 3196 972 3273 Octobris
1002 3196 1173 3273 maxima
1207 3219 1293 3272 cum
1325 3193 1554 3272 solennitate
1580 3205 1618 3269 ct
1642 3193 1846 3296 splendore
1873 3194 2068 3274 celebrata

253 3330 440 3424 carmine,
474 3322 695 3429 prolusione
719 3322 750 3424 ⁶)
784 3333 821 3396 et
847 3318 1136 3396 duumviros-nm
1168 3346 1193 3396 a
1216 3333 1352 3398 senatu
1378 3319 1598 3399 academico
1625 3333 1843 3398 creatorum
1867 3323 1944 3396 mei
1975 3323 2013 3398 h.
2039 3333 2066 3398 t.

252 3453 487 3530 Prorectoris
519 3461 556 3524 et
579 3447 801 3525 successoris
824 3446 900 3520 mei
925 3444 1115 3546 designati
1136 3449 1179 3524 F.
1197 3451 1244 3529 G..
1262 3449 1531 3546 Rocstcllii,
1558 3453 1630 3550 jur.
1646 3460 1720 3526 utr.
1736 3449 1821 3528 Drs.
1841 3461 1879 3525 et
1895 3451 1937 3524 P.
1957 3451 1999 3526 Ρ.
2019 3451 2065 3529 Ο.

254 3582 500 3684 ablegatione
523 3576 661 3652 debitis
684 3575 866 3678 prosequi
893 3571 1126 3652 decrevimus
1151 3576 1371 3654 honoribus.

354 3705 427 3782 His
451 3701 669 3806 praemissis
696 3711 799 3779 actus
825 3697 990 3774 solennis
1016 3700 1098 3801 ipse
1123 3701 1351 3779 indicandus
1377 3713 1451 3797 est,
1480 3727 1557 3802 quo
1583 3726 1773 3777 summam
1797 3703 1839 3776 in
1856 3700 2068 3780 Academia

253 3833 494 3936 provinciam
524 3827 676 3932 optimis
707 3825 805 3901 votis
838 3825 1043 3902 successori
1073 3851 1158 3902 meo
1192 3825 1255 3902 die
1285 3825 1397 3902 XXI.
1429 3826 1541 3927 hujus
1573 3825 1711 3902 mensis
1740 3826 1917 3904 Octobris
1948 3823 2067 3901 tradi-

325 4116 837 4180 011111111111111111111111111111
863 4121 888 4166 et
912 4115 1097 4178 philosophicis
1117 4119 1319 4182 ephemeridibus
1337 4119 1462 4168 litorariis
1480 4119 1604 4180 inseruit,
1629 4131 1776 4168 enumerare
1796 4119 1898 4178 longum
1916 4123 1962 4166 est.
1999 4117 2067 4164 Haec
2134 4143 2146 4170 .

255 4212 398 4263 sufficient:
424 4214 487 4262 iiber
504 4213 528 4262 d.
540 4212 689 4273 Bedentnng
706 4227 732 4261 n.
745 4211 858 4262 Beelitit
875 4212 899 4260 d.
911 4213 1116 4273 Rechtsbegriiis.
1141 4214 1171 4260 in
1188 4212 1233 4262 der
1249 4212 1371 4262 zeitschr.
1391 4211 1409 4259 1.
1422 4211 1534 4272 Philos.;
1553 4211 1617 4260 iiber
1633 4210 1675 4258 (111
1687 4211 1837 4271 Principien
1855 4209 1878 4258 d.
1891 4211 1954 4258 Piet.
1975 4209 2070 4264 Orinai-⁴

255 4307 406 4368 nnlgeeetze,
425 4305 487 4354 iiber
504 4304 764 4354 11101111111111111.
782 4305 844 4354 liber
862 4304 886 4352 d.
904 4304 971 4366 Ehe,
992 4318 1041 4353 von
1058 4305 1100 4354 Dr.
1115 4304 1248 4355 Rossbach.
1269 4333 1297 4342 —
1320 4306 1541 4366 aniirinnernng
1557 4317 1589 4353 an
1601 4304 1693 4353 Gottir.
1711 4304 1848 4354 Hermann.
1867 4305 1896 4350 In
1910 4303 1932 4350 d
1946 4303 2070 4352 zeitschr.

256 4399 316 4486 td.
341 4399 568 4448 Alterthnniewiee.
605 4396 687 4448 Ueber
708 4401 751 4460 jue
769 4399 896 4458 netnrele,
920 4413 945 4446 v.
967 4399 1309 4460 intransmutabili.
1332 4402 1465 4453 Praeterea
1489 4402 1591 4463 singule
1615 4401 1726 4449 carmine
1752 4406 1778 4449 et
1793 4401 1845 4448 1111
1862 4400 1910 4468 hpc
1928 4400 2069 4462 spectantis

255 4493 368 4556 scripsit.

327 4602 356 4672 1)
379 4608 431 4657 Zur
448 4605 630 4658 Sehlilerieler.
657 4606 955 4658 ressuscitavit.
976 4609 1052 4658 1888.
1077 4607 1157 4659 hierb.
1178 4600 1254 4658 1858.

326 4713 357 4783 8)
380 4721 499 4782 Epitome
517 4723 649 4768 renovatae
666 4717 853 4768 ecclesiastieae
871 4718 1014 4780 doctrinae,
1032 4731 1107 4780 quem
1123 4717 1156 4768 10
1173 4719 1212 4768 111.
1230 4723 1370 4773 Bessorum
1386 4719 1529 4787 principsni
1545 4723 1697 4787 Philippum
1714 4737 1737 4772 1.
1758 4722 1825 4774 itii
1844 4723 1917 4772 misit
1932 4721 2070 4786 Philippus

256 4817 435 4871 hielnnehthen
452 4831 510 4868 enm
527 4817 682 4882 praefatione
701 4818 783 4870 denne
801 4819 870 4868 edite
886 4832 901 4866 1
920 4817 1009 4867 (1111.
1027 4817 1191 4870 scheller.
1218 4817 1298 4866 idarb.
1319 4818 1394 4867 1800.

326 4927 357 4997 a)
381 4933 434 4983 Dee
449 4933 599 4983 verhtltnis
617 4933 733 4984 Lnther'e
751 4946 776 4982 n.
794 4929 993 4982 Melenehthon’e
1010 4930 1170 4980 aneinender.
1197 4928 1266 4979 Rode
1283 4943 1308 4979 n.
1322 4942 1342 4979 1.
1355 4941 1385 4978 ιι.
1404 4927 1483 4979 hierb.
1497 4927 1573 4980 iseo.

326 5043 355 5112 41
379 5045 526 5108 Epistola,
552 5057 614 5107 qnae
632 5041 778 5094 Theodorus
795 5043 861 5094 8111
885 5045 918 5096 ed
935 5045 1103 5094 wilhelmum
1119 5043 1163 5092 1v.
1182 5043 1291 5096 Haecine
1309 5041 1497 5106 emissarium
1519 5044 1608 5108 misit,
1632 5044 1745 5108 primum
1769 5043 1854 5096 1111111
1871 5045 1902 5094 eh
1919 5043 2071 5098 Henriee

258 5139 389 5206 Reppe,
417 5139 494 5188 theol.
513 5143 539 5189 et
554 5137 620 5202 phil.
638 5137 697 5198 Da,
724 5136 801 5188 11111.
819 5137 848 5186 P.
865 5137 894 5188 P.
911 5137 941 5188 Ε.
965 5136 1095 5202 hlerpnrpl
1115 5138 1191 5188 1800.

329 5251 358 5320 t)
381 5253 518 5320 eperum
534 5253 631 5334 ecditio
647 5253 713 5304 11111
732 5251 800 5305 Peri·
826 5251 964 5306 hidensis
983 5253 1021 5304 ed.
1040 5253 1205 5306 11111111.
1232 5255 1309 5306 1800.

1758 5335 1780 5399 6
